@online{readMe,
	author = {Gregg Chapman},
	title = {Introduction to the Lab Equipment ReadMeFirst},
	date = {2017},
	url = {https://u.osu.edu/ece2060labs/files/2016/09/Lab-1-Introduction-to-the-Lab-Equipment-ReadMeFirst-Rev-C-qaivq5.pdf}
}
